
@article{Aidelsburger,
   title={Observing non-ergodicity due to kinetic constraints in tilted {Fermi-Hubbard} chains},
   volume={12},
   ISSN={2041-1723},
   url={http://dx.doi.org/10.1038/s41467-021-24726-0},
   DOI={10.1038/s41467-021-24726-0},
   number={1},
   journal={Nature Communications},
   publisher={Springer Science and Business Media LLC},
   pages = 4490,
   author={Scherg, Sebastian and Kohlert, Thomas and Sala, Pablo and Pollmann, Frank and Hebbe Madhusudhana, Bharath and Bloch, Immanuel and Aidelsburger, Monika},
   year={2021},
   month={Jul}
}

@article{NS,
  title = {Many-Body Localization with Long-Range Interactions},
  author = {Nandkishore, Rahul M. and Sondhi, S. L.},
  journal = {Phys. Rev. X},
  volume = {7},
  issue = {4},
  pages = {041021},
  numpages = {12},
  year = {2017},
  month = {Oct},
  publisher = {American Physical Society},
  doi = {10.1103/PhysRevX.7.041021},
  url = {https://link.aps.org/doi/10.1103/PhysRevX.7.041021}
}


@article{Marvin,
  title={Fracton phases via exotic higher-form symmetry-breaking},
  author={Qi, Marvin and Radzihovsky, Leo and Hermele, Michael},
  journal={Annals of Physics},
  volume={424},
  pages={168360},
  year={2021},  
  doi = {10.1016/j.aop.2020.168360},
  publisher={Elsevier}
}

@article{TonerRadzihovsky,
  title = {Smectic liquid crystals in random environments},
  author = {Radzihovsky, Leo and Toner, John},
  journal = {Phys. Rev. B},
  volume = {60},
  issue = {1},
  pages = {206--257},
  numpages = {0},
  year = {1999},
  month = {Jul},
  publisher = {American Physical Society},
  doi = {10.1103/PhysRevB.60.206},
  url = {https://link.aps.org/doi/10.1103/PhysRevB.60.206}
}

@article{FS2,
  title = {Fractonic superfluids. {II}. {C}ondensing subdimensional particles},
  author = {Chen, Shuai A. and Yuan, Jian-Keng and Ye, Peng},
  journal = {Phys. Rev. Research},
  volume = {3},
  issue = {1},
  pages = {013226},
  numpages = {12},
  year = {2021},
  month = {Mar},
  publisher = {American Physical Society},
  doi = {10.1103/PhysRevResearch.3.013226},
  url = {https://link.aps.org/doi/10.1103/PhysRevResearch.3.013226}
}
@article{FS1,
  title = {Fractonic superfluids},
  author = {Yuan, Jian-Keng and Chen, Shuai A. and Ye, Peng},
  journal = {Phys. Rev. Research},
  volume = {2},
  issue = {2},
  pages = {023267},
  numpages = {14},
  year = {2020},
  month = {Jun},
  publisher = {American Physical Society},
  doi = {10.1103/PhysRevResearch.2.023267},
  url = {https://link.aps.org/doi/10.1103/PhysRevResearch.2.023267}
}


@misc{elastic5,
      title={Fractonic gauge theory of smectics}, 
      author={Zhengzheng Zhai and Leo Radzihovsky},
      year={2020},
      eprint={2012.02208},
      archivePrefix={arXiv},
      primaryClass={cond-mat.str-el}
}

@article{elastic4,
  title = {Quantum Smectic Gauge Theory},
  author = {Radzihovsky, Leo},
  journal = {Phys. Rev. Lett.},
  volume = {125},
  issue = {26},
  pages = {267601},
  numpages = {5},
  year = {2020},
  month = {Dec},
  publisher = {American Physical Society},
  doi = {10.1103/PhysRevLett.125.267601},
  url = {https://link.aps.org/doi/10.1103/PhysRevLett.125.267601}
}

@article{elastic3,
  title = {Fractons from Vector Gauge Theory},
  author = {Radzihovsky, Leo and Hermele, Michael},
  journal = {Phys. Rev. Lett.},
  volume = {124},
  issue = {5},
  pages = {050402},
  numpages = {6},
  year = {2020},
  month = {Feb},
  publisher = {American Physical Society},
  doi = {10.1103/PhysRevLett.124.050402},
  url = {https://link.aps.org/doi/10.1103/PhysRevLett.124.050402}
}

@article{elastic2,
  title = {Crystal-to-fracton tensor gauge theory dualities},
  author = {Pretko, Michael and Zhai, Zhengzheng and Radzihovsky, Leo},
  journal = {Phys. Rev. B},
  volume = {100},
  issue = {13},
  pages = {134113},
  numpages = {33},
  year = {2019},
  month = {Oct},
  publisher = {American Physical Society},
  doi = {10.1103/PhysRevB.100.134113},
  url = {https://link.aps.org/doi/10.1103/PhysRevB.100.134113}
}


@article{elastic1,
  title = {Symmetry-Enriched Fracton Phases from Supersolid Duality},
  author = {Pretko, Michael and Radzihovsky, Leo},
  journal = {Phys. Rev. Lett.},
  volume = {121},
  issue = {23},
  pages = {235301},
  numpages = {7},
  year = {2018},
  month = {Dec},
  publisher = {American Physical Society},
  doi = {10.1103/PhysRevLett.121.235301},
  url = {https://link.aps.org/doi/10.1103/PhysRevLett.121.235301}
}


@article{PretkoRadzihovsky,
  title = {Fracton-Elasticity Duality},
  author = {Pretko, Michael and Radzihovsky, Leo},
  journal = {Phys. Rev. Lett.},
  volume = {120},
  issue = {19},
  pages = {195301},
  numpages = {7},
  year = {2018},
  month = {May},
  publisher = {American Physical Society},
  doi = {10.1103/PhysRevLett.120.195301},
  url = {https://link.aps.org/doi/10.1103/PhysRevLett.120.195301}
}

@book{polyakov,
  title={Gauge fields and strings},
  author={Polyakov, Aleksandr Michajlovi{\v{c}}},
  year={1987},
  publisher={Taylor \& Francis}
}

@article{Fisheretal,
  title = {Boson localization and the superfluid-insulator transition},
  author = {Fisher, Matthew P. A. and Weichman, Peter B. and Grinstein, G. and Fisher, Daniel S.},
  journal = {Phys. Rev. B},
  volume = {40},
  issue = {1},
  pages = {546--570},
  numpages = {0},
  year = {1989},
  month = {Jul},
  publisher = {American Physical Society},
  doi = {10.1103/PhysRevB.40.546},
  url = {https://link.aps.org/doi/10.1103/PhysRevB.40.546}
}


@article{Aizenman,
  title = {Rounding of first-order phase transitions in systems with quenched disorder},
  author = {Aizenman, Michael and Wehr, Jan},
  journal = {Phys. Rev. Lett.},
  volume = {62},
  issue = {21},
  pages = {2503--2506},
  numpages = {0},
  year = {1989},
  month = {May},
  publisher = {American Physical Society},
  doi = {10.1103/PhysRevLett.62.2503},
  url = {https://link.aps.org/doi/10.1103/PhysRevLett.62.2503}
}

@article{Bakr,
  title = {Subdiffusion and Heat Transport in a Tilted Two-Dimensional {Fermi-Hubbard} System},
  author = {Guardado-Sanchez, Elmer and Morningstar, Alan and Spar, Benjamin M. and Brown, Peter T. and Huse, David A. and Bakr, Waseem S.},
  journal = {Phys. Rev. X},
  volume = {10},
  issue = {1},
  pages = {011042},
  numpages = {8},
  year = {2020},
  month = {Feb},
  publisher = {American Physical Society},
  doi = {10.1103/PhysRevX.10.011042},
  url = {https://link.aps.org/doi/10.1103/PhysRevX.10.011042}
}

@article{Batista2005,
  author = { Batista, C. D. and Nussinov, Zohar },
  title = { Generalized {Elitzur's} theorem and dimensional reductions },
  journal = { Phys. Rev. B },
  year = { 2005 },
  volume = { 72 },
  issue = { 4 },
  pages = { 045137 },
  doi = {10.1103/PhysRevB.72.045137},
  url = {http://doi.org/10.1103/PhysRevB.72.045137},
}

@misc{BB,
      title={Generalized {U(1)} Gauge Field Theories and Fractal Dynamics}, 
      author={Daniel Bulmash and Maissam Barkeshli},
      year={2018},
      eprint={1806.01855},
      archivePrefix={arXiv},
      primaryClass={cond-mat.str-el}
}

@article{Chamon,
  title = {Quantum Glassiness in Strongly Correlated Clean Systems: An Example of Topological Overprotection},
  author = {Chamon, Claudio},
  journal = {Phys. Rev. Lett.},
  volume = {94},
  issue = {4},
  pages = {040402},
  numpages = {4},
  year = {2005},
  month = {Jan},
  publisher = {American Physical Society},
  doi = {10.1103/PhysRevLett.94.040402},
  url = {https://link.aps.org/doi/10.1103/PhysRevLett.94.040402}
}


@misc{Chen2018,
  url = {https://www.its.caltech.edu/~xcchen/img/Ph223b2018/lecture/},
  Author = {Xie Chen},
  Title = {Advanced Condensed Matter Physics},
  Year = {2018}
}

@misc{commutant,
      title={Hilbert Space Fragmentation and Commutant Algebras}, 
      author={Sanjay Moudgalya and Olexei I. Motrunich},
      year={2021},
      eprint={2108.10324},
      archivePrefix={arXiv},
      primaryClass={cond-mat.stat-mech}
}

@misc{Distler2021,
Author = {Jacques Distler and Andreas Karch and Amir Raz},
Title = {Spontaneously Broken Subsystem Symmetries},
Year = {2021},
Eprint = {arXiv:2110.12611},
}

@article{Feldmeier,
  title = {Anomalous Diffusion in Dipole- and Higher-Moment-Conserving Systems},
  author = {Feldmeier, Johannes and Sala, Pablo and De Tomasi, Giuseppe and Pollmann, Frank and Knap, Michael},
  journal = {Phys. Rev. Lett.},
  volume = {125},
  issue = {24},
  pages = {245303},
  numpages = {6},
  year = {2020},
  month = {Dec},
  publisher = {American Physical Society},
  doi = {10.1103/PhysRevLett.125.245303},
  url = {https://link.aps.org/doi/10.1103/PhysRevLett.125.245303}
}

@article{GKSW,
  doi = {10.1007/jhep02(2015)172},
  url = {https://doi.org/10.1007/jhep02(2015)172},
  year = {2015},
  month = feb,
  publisher = {Springer Science and Business Media {LLC}},
  volume = {2015},
  number = {2},
  author = {Davide Gaiotto and Anton Kapustin and Nathan Seiberg and Brian Willett},
  title = {Generalized global symmetries},
  journal = {Journal of High Energy Physics},
  pages = 172
}

@article{GLN,
  title = {Fracton hydrodynamics},
  author = {Gromov, Andrey and Lucas, Andrew and Nandkishore, Rahul M.},
  journal = {Phys. Rev. Research},
  volume = {2},
  issue = {3},
  pages = {033124},
  numpages = {11},
  year = {2020},
  month = {Jul},
  publisher = {American Physical Society},
  doi = {10.1103/PhysRevResearch.2.033124},
  url = {https://link.aps.org/doi/10.1103/PhysRevResearch.2.033124}
}

@misc{glorioso,
      title={Breakdown of hydrodynamics below four dimensions in a fracton fluid}, 
      author={Paolo Glorioso and Jinkang Guo and Joaquin F. Rodriguez-Nieva and Andrew Lucas},
      year={2021},
      eprint={2105.13365},
      archivePrefix={arXiv},
      primaryClass={cond-mat.str-el}
}

@misc{Gorantla2021,
Author = {Pranay Gorantla and Ho Tat Lam and Nathan Seiberg and Shu-Heng Shao},
Title = {The low-energy limit of some exotic lattice theories and {UV/IR} mixing},
Year = {2021},
Eprint = {arXiv:2108.00020},
}

@article{Griffin2013Multi,
  author = { Griffin, Tom and Grosvenor, Kevin T. and Hořava, Petr and Yan, Ziqi },
  title = { Multicritical symmetry breaking and naturalness of slow {Nambu-Goldstone} bosons },
  journal = { Phys. Rev. D },
  year = { 2013 },
  volume = { 88 },
  issue = { 10 },
  doi = {10.1103/PhysRevD.88.101701},
  url = {http://doi.org/10.1103/PhysRevD.88.101701},
  pages = {101701}
}

@article{Griffin2015Cascade,
  author = { Griffin, Tom and Grosvenor, Kevin T. and Hořava, Petr and Yan, Ziqi },
  title = { Cascading Multicriticality in Nonrelativistic Spontaneous Symmetry Breaking },
  journal = { Phys. Rev. Lett. },
  year = { 2015 },
  volume = { 115 },
  issue = { 24 },
  doi = {10.1103/PhysRevLett.115.241601},
  url = {http://doi.org/10.1103/PhysRevLett.115.241601},
  pages = 241601
}

@article{Griffin2015,
  doi = {10.1007/s00220-015-2461-2},
  url = {https://doi.org/10.1007/s00220-015-2461-2},
  year = {2015},
  month = sep,
  publisher = {Springer Science and Business Media {LLC}},
  volume = {340},
  number = {3},
  pages = {985--1048},
  author = {Tom Griffin and Kevin T. Grosvenor and Petr Ho{\v{r}}ava and Ziqi Yan},
  title = {Scalar Field Theories with Polynomial Shift Symmetries},
  journal = {Communications in Mathematical Physics}
}

@article{Gromov2019,
  author = { Gromov, Andrey },
  title = { Towards Classification of Fracton Phases: The Multipole Algebra },
  journal = { Phys. Rev. X },
  year = { 2019 },
  volume = { 9 },
  issue = { 3 },
  pages = { 031035 },
  doi = {10.1103/PhysRevX.9.031035},
  url = {http://doi.org/10.1103/PhysRevX.9.031035},
}

@booklet{Haah2017,
author = {Jeongwan Haah},
title = {Two generalizations of the cubic code model},
howpublished= {Talk at KITP},
year = {2017},
month = {October},
day = {13},
URL = {http://online.kitp.ucsb.edu/online/qinfo_c17/haah/}
}

@article{Haah,
  title = {Local stabilizer codes in three dimensions without string logical operators},
  author = {Haah, Jeongwan},
  journal = {Phys. Rev. A},
  volume = {83},
  issue = {4},
  pages = {042330},
  numpages = {16},
  year = {2011},
  month = {Apr},
  publisher = {American Physical Society},
  doi = {10.1103/PhysRevA.83.042330},
  url = {https://link.aps.org/doi/10.1103/PhysRevA.83.042330}
}

@article{Iaconis1,
  title = {Anomalous subdiffusion from subsystem symmetries},
  author = {Iaconis, Jason and Vijay, Sagar and Nandkishore, Rahul},
  journal = {Phys. Rev. B},
  volume = {100},
  issue = {21},
  pages = {214301},
  numpages = {16},
  year = {2019},
  month = {Dec},
  publisher = {American Physical Society},
  doi = {10.1103/PhysRevB.100.214301},
  url = {https://link.aps.org/doi/10.1103/PhysRevB.100.214301}
}

@article{Iaconis2,
  title = {Multipole conservation laws and subdiffusion in any dimension},
  author = {Iaconis, Jason and Lucas, Andrew and Nandkishore, Rahul},
  journal = {Phys. Rev. E},
  volume = {103},
  issue = {2},
  pages = {022142},
  numpages = {7},
  year = {2021},
  month = {Feb},
  publisher = {American Physical Society},
  doi = {10.1103/PhysRevE.103.022142},
  url = {https://link.aps.org/doi/10.1103/PhysRevE.103.022142}
}

@article{ImryMa,
  title = {Random-Field Instability of the Ordered State of Continuous Symmetry},
  author = {Imry, Yoseph and Ma, Shang-keng},
  journal = {Phys. Rev. Lett.},
  volume = {35},
  issue = {21},
  pages = {1399--1401},
  numpages = {0},
  year = {1975},
  month = {Nov},
  publisher = {American Physical Society},
  doi = {10.1103/PhysRevLett.35.1399},
  url = {https://link.aps.org/doi/10.1103/PhysRevLett.35.1399}
}

@article{KHN,
  title = {Localization from {Hilbert} space shattering: From theory to physical realizations},
  author = {Khemani, Vedika and Hermele, Michael and Nandkishore, Rahul},
  journal = {Phys. Rev. B},
  volume = {101},
  issue = {17},
  pages = {174204},
  numpages = {17},
  year = {2020},
  month = {May},
  publisher = {American Physical Society},
  doi = {10.1103/PhysRevB.101.174204},
  url = {https://link.aps.org/doi/10.1103/PhysRevB.101.174204}
}

@misc{Lake,
    Author = {Ethan Lake},
    Title = {Higher-form symmetries and spontaneous symmetry breaking},
    Year = {2018},
    Eprint = {arXiv:1802.07747},
}

@article{MerminWagner,
  title = {Absence of Ferromagnetism or Antiferromagnetism in One- or Two-Dimensional Isotropic {H}eisenberg Models},
  author = {Mermin, N. D. and Wagner, H.},
  journal = {Phys. Rev. Lett.},
  volume = {17},
  issue = {22},
  pages = {1133--1136},
  numpages = {0},
  year = {1966},
  month = {Nov},
  publisher = {American Physical Society},
  doi = {10.1103/PhysRevLett.17.1133},
  url = {https://link.aps.org/doi/10.1103/PhysRevLett.17.1133}
}

@article{MKH,
  title = {Kinetically constrained freezing transition in a dipole-conserving system},
  author = {Morningstar, Alan and Khemani, Vedika and Huse, David A.},
  journal = {Phys. Rev. B},
  volume = {101},
  issue = {21},
  pages = {214205},
  numpages = {10},
  year = {2020},
  month = {Jun},
  publisher = {American Physical Society},
  doi = {10.1103/PhysRevB.101.214205},
  url = {https://link.aps.org/doi/10.1103/PhysRevB.101.214205}
}




@inbook{Moudgalya,
author = { Sanjay   Moudgalya  and  Abhinav   Prem  and  Rahul   Nandkishore  and  Nicolas   Regnault  and  B. Andrei   Bernevig },
title = {Thermalization and Its Absence within {Krylov} Subspaces of a Constrained {Hamiltonian}},
booktitle = {Memorial Volume for Shoucheng Zhang},
chapter = {7},
pages = {147-209},
doi = {10.1142/9789811231711_0009},
year = 2021,
publisher = {World Scientific},
URL = {https://www.worldscientific.com/doi/abs/10.1142/9789811231711_0009}
}


@article{NH,
author = {Nandkishore, Rahul M. and Hermele, Michael},
title = {Fractons},
journal = {Annual Review of Condensed Matter Physics},
volume = {10},
number = {1},
pages = {295-313},
year = {2019}
}

@Article{nonabelian,
	title={{Hydrodynamics in lattice models with continuous non-Abelian symmetries}},
	author={Paolo Glorioso and Luca V. Delacrétaz and Xiao Chen and Rahul M. Nandkishore and Andrew Lucas},
	journal={SciPost Phys.},
	volume={10},
	issue={1},
	pages={15},
	year={2021},
	publisher={SciPost},
	doi={10.21468/SciPostPhys.10.1.015},
	url={https://scipost.org/10.21468/SciPostPhys.10.1.015},
}

@article{PPN,
  title = {Localization in Fractonic Random Circuits},
  author = {Pai, Shriya and Pretko, Michael and Nandkishore, Rahul M.},
  journal = {Phys. Rev. X},
  volume = {9},
  issue = {2},
  pages = {021003},
  numpages = {21},
  year = {2019},
  month = {Apr},
  publisher = {American Physical Society},
  doi = {10.1103/PhysRevX.9.021003},
  url = {https://link.aps.org/doi/10.1103/PhysRevX.9.021003}
}

@article{Pretko1,
  title = {Subdimensional particle structure of higher rank {U(1)} spin liquids},
  author = {Pretko, Michael},
  journal = {Phys. Rev. B},
  volume = {95},
  issue = {11},
  pages = {115139},
  numpages = {11},
  year = {2017},
  month = {Mar},
  publisher = {American Physical Society},
  doi = {10.1103/PhysRevB.95.115139},
  url = {https://link.aps.org/doi/10.1103/PhysRevB.95.115139}
}

@article{Sala,
  title = {Ergodicity Breaking Arising from {Hilbert} Space Fragmentation in Dipole-Conserving Hamiltonians},
  author = {Sala, Pablo and Rakovszky, Tibor and Verresen, Ruben and Knap, Michael and Pollmann, Frank},
  journal = {Phys. Rev. X},
  volume = {10},
  issue = {1},
  pages = {011047},
  numpages = {19},
  year = {2020},
  month = {Feb},
  publisher = {American Physical Society},
  doi = {10.1103/PhysRevX.10.011047},
  url = {https://link.aps.org/doi/10.1103/PhysRevX.10.011047}
}

@article{SeibergA,
  author = { Seiberg, Nathan },
  title = { Field theories with a vector global symmetry },
  journal = { SciPost Phys. },
  year = { 2020 },
  volume = { 8 },
  issue = { 4 },
  pages = { 050 },
  doi = {10.21468/SciPostPhys.8.4.050},
  url = {http://doi.org/10.21468/SciPostPhys.8.4.050},
}

@article{SeibergB,
  author = { Seiberg, Nathan and Shao, Shu-Heng },
  title = { Exotic symmetries, duality, and fractons in 2+1-dimensional quantum  field theory },
  journal = { SciPost Phys. },
  year = { 2021 },
  volume = { 10 },
  issue = { 2 },
  pages = { 027 },
  doi = {10.21468/SciPostPhys.10.2.027},
  url = {http://doi.org/10.21468/SciPostPhys.10.2.027},
}

@article{SeibergC,
  author = { Seiberg, Nathan and Shao, Shu-Heng },
  title = { Exotic {U(1)} symmetries, duality, and fractons in 3+1-dimensional  quantum field theory },
  journal = { SciPost Phys. },
  year = { 2020 },
  volume = { 9 },
  issue = { 4 },
  pages = { 046 },
  doi = {10.21468/SciPostPhys.9.4.046},
  url = {http://doi.org/10.21468/SciPostPhys.9.4.046},
}

@article{SLIOM,
  title = {Statistical localization: From strong fragmentation to strong edge modes},
  author = {Rakovszky, Tibor and Sala, Pablo and Verresen, Ruben and Knap, Michael and Pollmann, Frank},
  journal = {Phys. Rev. B},
  volume = {101},
  issue = {12},
  pages = {125126},
  numpages = {23},
  year = {2020},
  month = {Mar},
  publisher = {American Physical Society},
  doi = {10.1103/PhysRevB.101.125126},
  url = {https://link.aps.org/doi/10.1103/PhysRevB.101.125126}
}

@article{VHF2,
  title = {Fracton topological order, generalized lattice gauge theory, and duality},
  author = {Vijay, Sagar and Haah, Jeongwan and Fu, Liang},
  journal = {Phys. Rev. B},
  volume = {94},
  issue = {23},
  pages = {235157},
  numpages = {9},
  year = {2016},
  month = {Dec},
  publisher = {American Physical Society},
  doi = {10.1103/PhysRevB.94.235157},
  url = {https://link.aps.org/doi/10.1103/PhysRevB.94.235157}
}


@article{VHF1,
  title = {A new kind of topological quantum order: A dimensional hierarchy of quasiparticles built from stationary excitations},
  author = {Vijay, Sagar and Haah, Jeongwan and Fu, Liang},
  journal = {Phys. Rev. B},
  volume = {92},
  issue = {23},
  pages = {235136},
  numpages = {11},
  year = {2015},
  month = {Dec},
  publisher = {American Physical Society},
  doi = {10.1103/PhysRevB.92.235136},
  url = {https://link.aps.org/doi/10.1103/PhysRevB.92.235136}
}

@article{Vojta2013,
author = {Vojta,Thomas },
title = {Phases and phase transitions in disordered quantum systems},
journal = {AIP Conference Proceedings},
volume = {1550},
number = {1},
pages = {188-247},
year = {2013},
doi = {10.1063/1.4818403}
}